@article{original,
author = {Johnson, S. M.},
title = {Optimal two- and three-stage production schedules with setup times included},
journal = {Naval Research Logistics Quarterly},
volume = {1},
number = {1},
pages = {61-68},
year = {1954}
}

@article{model,
 author = {Edward F. Stafford},
 journal = {The Journal of the Operational Research Society},
 number = {12},
 pages = {1163--1174},
 publisher = {Palgrave Macmillan Journals},
 title = {On the Development of a Mixed-Integer Linear Programming Model for the Flowshop Sequencing Problem},
 volume = {39},
 year = {1988}
}

@article{old_model,
author = {Wagner, Harvey M.},
title = {An integer linear-programming model for machine scheduling},
journal = {Naval Research Logistics Quarterly},
volume = {6},
number = {2},
pages = {131-140},
 year = {1959}
}

@article{heuristico1,
title = "New simple constructive heuristic algorithms for minimizing total flow-time in the permutation flowshop scheduling problem",
journal = "Computers \& Operations Research",
volume = "74",
pages = "165 - 174",
year = "2016",
author = "Hamid Abedinnia and Christoph H. Glock and Andreas Brill",
}

@article{heuristico2,
title = "New high performing heuristics for minimizing makespan in permutation flowshops",
journal = "Omega",
volume = "37",
number = "2",
pages = "331 - 345",
year = "2009",
author = "Shahriar Farahmand Rad and Rubén Ruiz and Naser Boroojerdian",
}

@article{heuristico3,
author = {Gao, J and Chen, R},
year = {2011},
month = {07},
pages = {3094-3100},
title = {An NEH-based heuristic algorithm for distributed permutation flowshop scheduling problems},
volume = {6},
booktitle = {Scientific Research and Essays}
}

@article{heuristico4,
 author = {Campbell, Herbert G. and Dudek, Richard A. and Smith, Milton L.},
 title = {A Heuristic Algorithm for the N Job, M Machine Sequencing Problem},
 journal = {Manage. Sci.},
 volume = {16},
 number = {10},
 year = {1970},
 pages = {B-630--B-637},
}

@article{dataset,
author = "E. Taillard",
title = "Benchmarks for basic scheduling problems",
journal = "European Journal of Operational Research",
volume = "64",
number = "2",
pages = "278 - 285",
year = "1993",
}

@article{complex,
 author = {Gonzalez, Teofilo and Sahni, Sartaj},
 title = {Flowshop and Jobshop Schedules: Complexity and Approximation},
 journal = {Oper. Res.},
 volume = {26},
 number = {1},
 year = {1978},
 pages = {36--52},
} 

@article{literature,
author = "Xingye Dong and Houkuan Huang and Ping Chen",
title = "An iterated local search algorithm for the permutation flowshop problem with total flowtime criterion",
journal = "Computers \& Operations Research",
volume = "36",
number = "5",
pages = "1664 - 1669",
year = "2009",
}

@article{ils,
author = "Quan-Ke Pan and Rubén Ruiz",
title = "A comprehensive review and evaluation of permutation flowshop heuristics to minimize flowtime",
journal = "Computers \& Operations Research",
volume = "40",
number = "1",
pages = "117 - 128",
year = "2013",
}

@article{localsearch,
author = "Jiyin Liu and Colin R Reeves",
title = "Constructive and composite heuristic solutions to the P//Ci scheduling problem",
journal = "European Journal of Operational Research",
volume = "132",
number = "2",
pages = "439 - 452",
year = "2001",
}
