@article{paper,
  author  = { A. Perelson, P. Nelson}, 
  title   = {Mathematical analysis of HIV-1 dynamics in vivo},
  journal = {SIAM Rev. 41},
  year    = 1999,
  pages   = {3-44},
}

@article{model,
  author  = {Miguel Bar√£o, J.M. Lemos}, 
  title   = {Nonlinear control of HIV-1 infection with a singular perturbation model},
  journal = {Biomedical Signal Processing and Control},
  year    = 2007,
  pages   = {248-257},
}

@article{ieee1,
  author  = {M.E. Brandt, G. Chen}, 
  title   = {Feedback control of a biodynamical model of HIV-1},
  journal = { IEEE Trans. Biomed. Eng. 48 },
  year    = 2001,
  pages   = {754-759},
}

@article{ieee2,
  author   = {H. Chang, H. Shim, J.H. Seo},
  title  = {Control of immune response of HIV infection model by gradual reduction of drug dose}, 
  journal = {Proceedings of the IEEE Conference on Decision and Control},
  year    = 2004
}

@article{ieee3,
  author  = { C.-F. Cheng, C.-T. Chang}, 
  title   = {Viral load analysis of a biodynamical model of HIV-1 with unknown equilibrium points},
  journal = {  Proceedings of the 2004 IEEE Conference on Control Applications },
  year    = 2004,
  pages   = {551-561},
}

@misc{sir,
  title        = {The SIR Model for Spread of Disease - The Differential Equation Model},
  howpublished = {https://www.maa.org/press/periodicals/loci/joma/the-sir-model-for-spread-of-disease-the-differential-equation-model},
  note         = {Consultado el 5 de Agosto de 2017}
}

@misc{predator,
  title       = {Lotka-Volterra Systems},
  howpublished = {http://book.xogeny.com/behavior/equations/population/},
  note         = {Consultado el 26 de Agosto de 2017}
}
