@article{generation,
  author  = {Tadikamalla, P.R.},
  title   = {Random sampling from the generalized gamma distribution},
  journal = {https://doi.org/10.1007/BF02252098},
  year    = 1978,
}

@article{theory1,
  author  = {E. W. Stacy.},
  title   = {A Generalization of the Gamma Distribution.},
  journal = {The Annals of Mathematical Statistics,Vol. 33, No. 3},
  year    = 1962,
  pages   = {1187-1192},
}

@article{theory2,
  author  = {Lingling Du, Shouquan Chen.},
  title   = {Asymptotic properties for distributions and densities of extremes from generalized gamma distribution},
  journal = {Journal of the Korean Statistical Society 45(2)},
  year    = 2016,
  pages   = {188-198},
}

@article{application1,
  author  = {HÃ¼rlimann, W.},
  title   = {Analytical evaluation of economic risk capital for portfolio of gamma risks.},
  journal = {ASTIN Bulletin, 31},
  year    = 2001,
  pages   = {107-112},
}

@article{application2,
  author  = {Rioux, J. Klugman, S.},
  title   = {Toward a unified approach to fitting loss models},
  journal = {North American Actuarial Journal, 10},
  year    = 2006,
  pages   = {63-83},
}

@article{application3,
  author  = {Kaas, R. Goovaerts M. Dhaene J. Denuit M.},
  title   = {Modern actuarial risk theory.},
  journal = {Kluwer Academic Publishers.},
  year    = 2001,
}

@article{application4,
  author  = {Bowers N. L. Gerber H. U. Hickman J. C. Jones D. A. Nesbitt C. J.},
  title   = {Actuarial mathematics (second ed.).},
  journal = {Schaumburg: Society of Actuaries.},
  year    = 1997,
}

@misc{flexsurv,
author = {Bruce Swihart, Jim Lindsey},
title = {Utilities for Nonlinear Regression and Repeated Measurements Models},
howpublished = {https://cran.r-project.org/web/packages/flexsurv/flexsurv.pdf},
year = {2017}
}

@misc{rmutil,
author = {Bruce Swihart, Jim Lindsey},
title = {Utilities for Nonlinear Regression and Repeated Measurements Models},
howpublished = {https://cran.r-project.org/web/packages/rmutil/rmutil.pdf},
year = {2017}
}

@misc{mathematica,
author =   {Wolfram Research, Inc},
title =    {Mathematica 10.4},
howpublished = {Champaign, Illinois},
year = {2016}
}

@misc{class,
author = {Myladis R. Cogollo},
title = {Algunas distribuciones discretas y continuas},
howpublished = {Diapositivas, Teoria de la probabilidad, Universidad EAFIT},
year = {2017}
}
